@misc{online:OWASPpass,
    author          = {OWASP},
    title           = {\uppercase{P}assword Storage Cheat Sheet},
    year            = {2023},
    organization    = {OWASP},
    howpublished    =   {\url{https://cheatsheetseries.owasp.org/cheatsheets/Password_Storage_Cheat_Sheet.html}},
    note            = {Accessed 2023-12-19}
}

@misc{online:TlsJdbc,
    author          = {MariaDB},
    title           = {\uppercase{TLS} Connections with MariaDB Connector/J},
    year            = {2023},
    organization    = {MariaDB},
    howpublished    =   {\url{https://mariadb.com/docs/server/connect/programming-languages/java/tls/}},
    note            = {Accessed 2023-12-19}
}

@misc{online:FileKeyManMariaDB,
    author          = {MariaDB},
    title           = {\uppercase{F}ile Key Management Encryption Plugin},
    year            = {2023},
    organization    = {MariaDB},
    howpublished    =   {\url{https://mariadb.com/kb/en/file-key-management-encryption-plugin/}},
    note            = {Accessed 2023-12-19}
}

@misc{online:NistRecCurves,
    author          = {Lily Chen et al.},
    title           = {\uppercase{F}ile Key Management Encryption Plugin},
    year            = {2023},
    organization    = {MariaDB},
    howpublished    =   {\url{https://mariadb.com/kb/en/file-key-management-encryption-plugin/}},
    note            = {Accessed 2023-12-19}
}

@misc{online:AWS,
    author          = {Zachary Miller and Chandan Kundapur},
    title           = {\uppercase{H}ow to evaluate and use \uppercase{ECDSA} certificates in \uppercase{AWS} Certificate Manager},
    year            = {2022},
    organization    = {Amazon Web Services, Inc.},
    howpublished    =   {\url{https://aws.amazon.com/blogs/security/how-to-evaluate-and-use-ecdsa-certificates-in-aws-certificate-manager/}},
    note            = {Accessed 2023-12-21}
}

@article{article:NistRecCurves,
    title = {Recommendations for Discrete Logarithm-based Cryptography: Elliptic Curve Domain Parameters},
    author = {Lily Chen et al.},
    url = {https://nvlpubs.nist.gov/nistpubs/SpecialPublications/NIST.SP.800-186.pdf}, journal = {},
    place = {United States},
    year = {2023},
    month = {02}
}

@inproceedings{Adalier2015EfficientAS,
  title={Efficient and Secure Elliptic Curve Cryptography Implementation of Curve P-256},
  author={Mehmet Adalier and Antara Teknik},
  year={2015},
  url={https://api.semanticscholar.org/CorpusID:9303272}
}